@book{figalli,
  title     = {An invitation to Optimal Transport, Wasserstein distances, and gradient flows},
  author    = {Alessio Figalli and Federico Glaudo},
  year      = {2020},
  publisher = {EMS Press}
}

@book{rudin,
  title     = {Real and Complex Analysis},
  author    = {Walter Rudin},
  year      = {1987},
  publisher = {McGraw-Hill}
}

@book{ambrosio,
  title     = {Gradient Flows in Metric Spaces and in the Space of Probability Measures},
  author    = {L. Ambrosio and N. Gili and G. Savaré},
  year      = {2005},
  publisher = {Birkhäuser Verlag}
}

@book{Villani,
  title     = {Optimal transport, old and new},
  author    = {Cedric Villani},
  year      = {2008},
  publisher = {Springer}
}

@article{bubenik,
  title     = {Embeddings of persistence diagrams into {H}ilbert spaces},
  author    = {Peter Bubenik and Alexander Wagner},
  year      = {2020},
  journal   = {Journal of Applied and Computational Topology}
}

@article{earth,
  title     = {The {E}arth {M}over's {D}istance as a Metric for Image Retrieval},
  author    = {Y. Rubner and C. Tomasi and L. J. Guibas},
  year      = {2000},
  journal   = {International Journal of Computer Vision}
}

@article{class,
  title     = {A Class of {W}asserstein metrics for probability distributions},
  author    = {C. R. Givens and R. M. Shortt},
  year      = {1984},
  journal   = {Michigan Technological University}
}

@article{elementary,
  title     = {An elementary proof of the triangle inequality for the {W}asserstein metric},
  author    = {P. Clement and W. Desch},
  year      = {2007},
  journal   = {Proceedings of the American Mathematical Society}
}

@article{Elchesen,
  title     = {Universality of the {W}asserstein distances and relative optimal transport},
  author    = {A. Elchesen},
  year      = {2022},
  journal   = {University of Florida}
}

