@book{hewitt,
  title     = {Real and Abstract Analysis},
  author    = {Edwing Hewitt and Karl Stromberg},
  year      = {1965},
  publisher = {Springer-Verlag}
}

@book{lieb,
  title     = {Analysis second edition},
  author    = {Wlliot H. Lieb and Michael Loss},
  year      = {2001},
  publisher = {American Mathematical Society}
}

@article{babb,
  title     = {Exploring convexity in normed spaces},
  author    = {Ryan L. Acosta Babb},
  year      = {2014},
  journal   = {American Mathematical Monthly}
}

@article{clarkson,
  title     = {Uniformly Convex spaces},
  author    = {James A. Clarkson},
  year      = {1936},
  journal   = {Transactions of the American Mathematical Society}
}

@article{hanner,
  title     = {On the uniform convexity of $L^p$ and $\ell^p$},
  author    = {Olof Hanner},
  year      = {1955},
  journal   = {Arkiv for Matematik}
}
